<record><leader>00000cas a2200000 a 4500</leader><controlfield tag="001">4952060</controlfield><controlfield tag="008">790511d196u1983ctuwr ne      0   a0eng d</controlfield><datafield ind1=" " ind2=" " tag="010"><subfield code="a">sn 79002818 </subfield></datafield><datafield ind1=" " ind2=" " tag="040"><subfield code="a">NSD</subfield><subfield code="b">eng</subfield><subfield code="c">NSD</subfield><subfield code="d">CNW</subfield><subfield code="d">OCL</subfield><subfield code="d">OCLCQ</subfield></datafield><datafield ind1=" " ind2=" " tag="012"><subfield code="k">1</subfield><subfield code="m">d</subfield></datafield><datafield ind1="1" ind2=" " tag="022"><subfield code="a">0191-9083</subfield><subfield code="l">0191-9083</subfield><subfield code="2">1</subfield></datafield><datafield ind1=" " ind2=" " tag="042"><subfield code="a">nsdp</subfield><subfield code="a">msc</subfield></datafield><datafield ind1=" " ind2="4" tag="222"><subfield code="a">The Northern Connecticut bazaar</subfield></datafield><datafield ind1="0" ind2="4" tag="245"><subfield code="a">The Northern Connecticut bazaar.</subfield></datafield><datafield ind1=" " ind2=" " tag="260"><subfield code="a">Enfield, Conn. :</subfield><subfield code="b">Hartford Publications</subfield></datafield><datafield ind1=" " ind2=" " tag="310"><subfield code="a">Weekly</subfield></datafield><datafield ind1="0" ind2=" " tag="362"><subfield code="a">-v. 21, no. 12 (May 17, 1983).</subfield></datafield><datafield ind1=" " ind2=" " tag="580"><subfield code="a">Published in the same office as: Thompsonville press.</subfield></datafield><datafield ind1=" " ind2=" " tag="588"><subfield code="a">Description based on: Vol. 12, no. 19 (Dec. 24, 1974).</subfield></datafield><datafield ind1=" " ind2="4" tag="651"><subfield code="a">Enfield (Conn.)</subfield><subfield code="v">Newspapers.</subfield></datafield><datafield ind1=" " ind2="4" tag="651"><subfield code="a">East Windsor (Conn.)</subfield><subfield code="v">Newspapers.</subfield></datafield><datafield ind1=" " ind2="4" tag="651"><subfield code="a">Somers (Conn.)</subfield><subfield code="v">Newspapers.</subfield></datafield><datafield ind1=" " ind2="4" tag="651"><subfield code="a">South Windsor (Conn.)</subfield><subfield code="v">Newspapers.</subfield></datafield><datafield ind1=" " ind2="4" tag="651"><subfield code="a">Suffield (Conn.)</subfield><subfield code="v">Newspapers.</subfield></datafield><datafield ind1=" " ind2="4" tag="651"><subfield code="a">Windsor Locks (Conn.)</subfield><subfield code="v">Newspapers.</subfield></datafield><datafield ind1=" " ind2=" " tag="752"><subfield code="a">United States</subfield><subfield code="b">Connecticut</subfield><subfield code="c">Hartford</subfield><subfield code="d">Enfield.</subfield></datafield><datafield ind1="0" ind2="0" tag="780"><subfield code="t">Press bazaar</subfield><subfield code="w">(DLC)sn 93053735</subfield></datafield><datafield ind1="0" ind2="4" tag="785"><subfield code="t">Press (Enfield, Conn.)</subfield><subfield code="w">(DLC)sn 84009468</subfield><subfield code="w">(OCoLC)10426925</subfield></datafield><datafield ind1="1" ind2=" " tag="787"><subfield code="t">Thompsonville press</subfield><subfield code="w">(DLC)sn 93053736</subfield></datafield><datafield ind1=" " ind2=" " tag="936"><subfield code="a">Apr. 3, 1979</subfield></datafield><datafield ind1="1" ind2=" " tag="029"><subfield code="a">AU@</subfield><subfield code="b">000025799615</subfield></datafield></record>